<record xmlns="http://www.loc.gov/MARC21/slim" xmlns:xsi="http://www.w3.org/2001/XMLSchema-instance" xsi:schemaLocation="http://www.loc.gov/MARC21/slim http://www.loc.gov/standards/marcxml/schema/MARC21slim.xsd"><leader>01293cz   2200313n  4500</leader><controlfield tag="001">oca03349897 </controlfield><controlfield tag="005">19930408161640.8</controlfield><controlfield tag="008">930406n| acannaab|          |a aaa |||  </controlfield><datafield ind1=" " ind2=" " tag="010"><subfield code="a">n  93031595 </subfield></datafield><datafield ind1=" " ind2=" " tag="040"><subfield code="a">DLC</subfield><subfield code="c">DLC</subfield><subfield code="d">DLC</subfield></datafield><datafield ind1="0" ind2=" " tag="100"><subfield code="a">Stephanos,</subfield><subfield code="c">ho Byzantios,</subfield><subfield code="d">6th cent.</subfield></datafield><datafield ind1="0" ind2=" " tag="400"><subfield code="a">Stephanos,</subfield><subfield code="c">Byzantinii,</subfield><subfield code="d">6th cent.</subfield></datafield><datafield ind1="0" ind2=" " tag="400"><subfield code="a">Stephanos,</subfield><subfield code="c">of Byzantium,</subfield><subfield code="d">6th cent.</subfield></datafield><datafield ind1="0" ind2=" " tag="400"><subfield code="a">Stephanus,</subfield><subfield code="c">of Byzantium,</subfield><subfield code="d">6th cent.</subfield></datafield><datafield ind1="0" ind2=" " tag="400"><subfield code="a">Stephanus,</subfield><subfield code="c">of Byzantium</subfield><subfield code="w">nnaa</subfield></datafield><datafield ind1="0" ind2=" " tag="400"><subfield code="a">Etienne,</subfield><subfield code="c">de Byzance,</subfield><subfield code="d">6th cent.</subfield></datafield><datafield ind1="0" ind2=" " tag="400"><subfield code="a">Stephanus,</subfield><subfield code="c">Byzantinus,</subfield><subfield code="d">6th cent.</subfield></datafield><datafield ind1="0" ind2=" " tag="400"><subfield code="a">Stephen,</subfield><subfield code="c">of Byzantium,</subfield><subfield code="d">6th cent.</subfield></datafield><datafield ind1="0" ind2=" " tag="400"><subfield code="a">Stephanos,</subfield><subfield code="c">Byzantios,</subfield><subfield code="d">6th cent.</subfield></datafield><datafield ind1=" " ind2=" " tag="670"><subfield code="a">His Ethnikōn, 1992:</subfield><subfield code="b">t.p. (Stephanos Byzantinii [sic]. Stephani Byzantinii) on half title (Stephanos of Byzantium)</subfield></datafield><datafield ind1=" " ind2=" " tag="670"><subfield code="a">Colliers</subfield><subfield code="b">(Stephanus, of Byzantium)</subfield></datafield><datafield ind1=" " ind2=" " tag="670"><subfield code="a">Enk. Papyros Larous Brit,</subfield><subfield code="b">(Stephanos ho Byzantios, 6th cent.)</subfield></datafield><datafield ind1=" " ind2=" " tag="670"><subfield code="a">Meg. Hell. enk.</subfield><subfield code="b">(Stephanos ho Byzantios, fl. 538-573)</subfield></datafield><datafield ind1=" " ind2=" " tag="670"><subfield code="a">LC manual cat.</subfield><subfield code="b">(hdg.: Stephanus, of Byzantium)</subfield></datafield><datafield ind1=" " ind2=" " tag="670"><subfield code="a">BN</subfield><subfield code="b">(Etienne, de Byzance)</subfield></datafield><datafield ind1=" " ind2=" " tag="670"><subfield code="a">Adams</subfield><subfield code="b">(Stephanus, Byzantinus)</subfield></datafield><datafield ind1=" " ind2=" " tag="670"><subfield code="a">BLC</subfield><subfield code="b">(Stephen, of Byzantium)</subfield></datafield><datafield ind1=" " ind2=" " tag="670"><subfield code="a">Pauly-Wissowa</subfield><subfield code="b">(Stephanos Byzantios)</subfield></datafield><datafield ind1=" " ind2=" " tag="675"><subfield code="a">Enc. Brit., 1972, 1982;</subfield><subfield code="a"> Enc. Americana</subfield></datafield></record>